,transactionDate,transactionDescriptions,transactionAmount,transactionType,transactionBalance,inDebt,transactionError
0,,['Opening Balance'],,,47106.35,False,False
1,,['Ledger Balance'],,,22769.84,False,False
2,,['Aw'],22769.84,Debit,0.0,False,False
3,,"['Poe co:', 'Y m ©']",22769.84,,,False,True
4,31/10,"['FAST PAYMENT', 'Waitrr Payout', 'ROS0000000000000488695000000040', 'CASH DISBURSEMENT', 'WAITRR PTE LTD', 'SGD 7.5']",7.5,Credit,47113.85,False,False
5,01/11,"['FAST PAYMENT', '329GAD409051 STAPLE FOOD PT', 'API2019110106175729', 'OTHER', 'GPAY NETWORK (S) PTE. LTD.', 'SGD 61.87']",61.87,Credit,47175.72,False,False
6,01/11,"['FAST PAYMENT', '281GAD769098 STAPLE FOOD PT', 'API2019110106175816', 'OTHER', 'GPAY NETWORK (S) PTE. LTD.', 'SGD 47.21']",47.21,Credit,47222.93,False,False
7,01/11,"['EAST PAYMENT.', 'GFGADOCL04 STAPLE FOOD PT', 'AP12019110106176203', 'OTHER', 'GPAY NETWORK (S) PTE. LTD.', 'SGD 466.4']",466.4,Credit,47689.33,False,False
8,01/11,"['FAST PAYMENT', '945GAD048616 STAPLE FOOD PT', 'API2019110106176493', 'OTHER', 'GPAY NETWORK (8) PTE. LTD.', 'SGD 178.81']",178.81,Credit,47868.14,False,False
9,01/11,"['FAST PAYMENT', 'GFGADO6P33 Staple Food Pt', 'API2019110106176615', 'OTHER', 'GPAY NETWORK (S) PTE. LTD.', 'SGD 214.62']",214.62,Credit,48082.76,False,False
10,01/11,"['FAST PAYMENT.', 'GFGADONC37 Staple Food Pt', 'API2019110106176940', 'OTHER', 'GPAY NETWORK (S) PTE. LTD.', 'SGD 49.72']",49.72,Credit,48132.48,False,False
11,01/11,"['FAST PAYMENT', 'GFGADOORS36 Staple Food Pt', 'API2019110106178011', 'OTHER', 'GPAY NETWORK (S) PTE. LTD.', 'SGD 60.32']",60.32,Credit,48192.8,False,False
12,01/11,"['POINT-OF-SALE TRANSACTION', 'POS6604. STAPLE FOO']",8.5,Credit,48201.3,False,False
13,01/11,"['POINT-OF-SALE TRANSACTION', 'POS6605 STAPLE FOO']",14.16,Credit,48215.46,False,False
14,01/11,"['INTERBANK GIRO', 'OUB CENTRE LIMITED', 'OIGSGOUBCLA14589', '201211117H']",9382.83,Debit,38832.63,False,False
15,02/11,"['FAST PAYMENT', '281GAD769098 STAPLE FOOD PT', 'API2019110206206594', 'OTHER', 'GPAY NETWORK (S) PTE. LTD.', 'SGD 112.43']",112.43,Credit,38945.06,False,False
16,02/11,"['FAST PAYMENT', 'GFGADOCL04 STAPLE FOOD PT', 'API2019110206209744', 'OTHER', 'GPAY NETWORK (S) PTE. LTD.', 'SGD 209.66']",209.66,Credit,39154.72,False,False
17,02/11,"['FAST PAYMENT', '329GAD409051 STAPLE FOOD PT', 'API2019110206212024', 'OTHER', 'GPAY NETWORK (S) PTE. LTD.', 'SGD 65.54']",65.54,Credit,39220.26,False,False
18,02/11,"['FAST PAYMENT', 'GFGADONC37 Staple Food Pt', 'AP12019110206212478', 'OTHER', 'GPAY NETWORK (S) PTE. LTD.', 'SGD 92.05']",92.05,Credit,39312.31,False,False
19,02/11,"['FAST PAYMENT', '945GAD048616 STAPLE FOOD PT', 'API20191 10206212951', 'OTHER', 'GPAY NETWORK (S) PTE. LTD.', 'SGD 260.69']",260.69,Credit,39573.0,False,False
20,02/11,"['FAST PAYMENT', 'GFGADO6P33 Staple Food Pt', 'API2019110206213620', 'OTHER', 'GPAY NETWORK (S) PTE. LTD.', 'SGD 134.01']",134.01,Credit,39707.01,False,False
21,02/11,"['FAST PAYMENT', 'GFGADOOR36 Staple Food Pt', 'AP12019110206217189', 'OTHER', 'GPAY NETWORK (S) PTE. LTD.', 'SGD 25.73']",25.73,Credit,39732.74,False,False
22,02/11,"['DEPOSIT', 'DEP 89026850,PAYA LEBAR BR2 ,']",1217.0,Credit,40949.74,False,False
23,02/11,"['DEPOSIT', 'DEP 89026850,PAYA LEBAR BR2 ,']",200.0,Credit,41149.74,False,False
24,02/11,"['DEPOSIT', 'DEP 89026850,PAYA LEBAR BR2 ,']",1119.0,Credit,42268.74,False,False
25,02/11,"['ARAN SRE TO OTHER DBS AICS, AT', 'OTRF 10541531 ,MIDVIEW CITY']",70.0,Debit,42198.74,False,False
26,02/11,"['ea TO OTHER DBS A/CS, AT', 'OTRF 10541531,MIDVIEW CITY']",30.95,Debit,42167.79,False,False
27,03/11,"['REMITTANCE TRANSFER OF FUNDS', 'RTF gojek azmy wix 0016RF7334003', 'MSY', 'SGD 11.3']",11.3,Debit,42156.49,False,False
28,03/11,"['REMITTANCE TRANSFER OF FUNDS', 'RTF saba trspt claim 0016RF7334015', 'SABARIAH', 'SGD 23.6']",23.6,Debit,42132.89,False,False
29,03/11,"['REMITTANCE TRANSFER OF FUNDS.', 'RTF 201910 AZMY ADV', '0016RF7334034', 'MSY', 'SGD 50']",50.0,Debit,42082.89,False,False
30,03/11,"['FAST PAYMENT', '281GAD769098 STAPLE FOOD PT', 'API20191 10306251885', 'OTHER', 'GPAY NETWORK (S) PTE. LTD.', 'SGD 143.67']",143.67,Credit,42226.56,False,False
31,03/11,"['FAST PAYMENT', '329GAD409051 STAPLE FOOD PT', 'API2019110306252182', 'OTHER', 'GPAY NETWORK (S) PTE. LTD.', 'SGD 15.17']",15.17,Credit,42241.73,False,False
32,03/11,"['FAST PAYMENT', 'GFGADO6P33 Staple Food Pt', 'API20191 10306252764', 'OTHER', 'GPAY NETWORK (S) PTE. LTD.', 'SGD 142.58']",142.58,Credit,42384.31,False,False
33,03/11,"['FAST PAYMENT', 'GFGADONG37 Staple Food Pt', 'API20191 10306253042', 'OTHER', 'GPAY NETWORK () PTE. LTD.', 'SGD 133.03']",133.03,Credit,42517.34,False,False
34,03/11,"['FAST PAYMENT', 'GFGADOCLO4 STAPLE FOOD PT', 'API2019110306253256', 'OTHER', 'GPAY NETWORK (S) PTE. LTD.', 'SGD 425.41']",425.41,Credit,42942.75,False,False
35,04/11,"['FAST PAYMENT', 'GFGADONC37 Staple Food Pt', 'API20191 10406275915', 'OTHER', 'GPAY NETWORK (8) PTE. LTD.', 'SGD 73.26']",73.26,Credit,43016.01,False,False
36,04/11,"['FAST PAYMENT', 'GFGADO6P33 Staple Food Pt', 'API20191 10406276897', 'OTHER', 'GPAY NETWORK (8) PTE. LTD.', 'SGD 93.45']",93.45,Credit,43109.46,False,False
37,04/11,"['FAST PAYMENT', '281GAD769098 STAPLE FOOD PT', 'API2019110406280753', 'OTHER', 'GPAY NETWORK (S) PTE. LTD.', 'SGD 62.18']",62.18,Credit,43171.64,False,False
38,04/11,"['POINT-OF-SALE TRANSACTION', 'POS6604 STAPLE FOO']",22.2,Credit,43193.84,False,False
39,04/11,"['POINT-OF-SALE TRANSACTION', 'POS6605 STAPLE FOO']",24.3,Credit,43218.14,False,False
40,04/11,"['POINT-OF-SALE TRANSACTION', 'POS6606 STAPLE FOO']",7.0,Credit,43225.14,False,False
41,04/11,"['POINT-OF-SALE TRANSACTION', 'POS6605 STAPLE FOO']",30.6,Credit,43255.74,False,False
42,04/11,"['FAST PAYMENT', 'GFGADOCLO4 STAPLE FOOD PT', 'API20191 10406285224', 'OTHER', 'GPAY NETWORK (S) PTE. LTD.', 'SGD 548.45']",548.45,Credit,43804.19,False,False
43,04/11,"['TRANSFER TO OTHER DBS AICS, AT', 'OTRF 10541531,MCDS BUILDING']",200.0,Debit,43604.19,False,False
44,04/11,"['TRANSFER TO OTHER DBS ACS, AT', 'DI', 'OTRF 10541531,MCDS BUILDING']",6.9,Debit,43597.29,False,False
45,05/11,"['FAST PAYMENT', '281GAD769098 STAPLE FOOD PT', 'API2019110506313261', 'OTHER', 'GPAY NETWORK (8) PTE. LTD.', 'SGD 124.94']",124.94,Credit,43722.23,False,False
46,05/11,"['FAST PAYMENT', 'GFGADOOR36 Staple Food Pt', 'API20191 10506313335', 'OTHER', 'GPAY NETWORK (S) PTE. LTD.', 'SGD 7.63']",7.63,Credit,43729.86,False,False
47,05/11,"['FAST PAYMENT', '329GAD409051 STAPLE FOOD PT', 'AP12019110506315003', 'OTHER', 'GPAY NETWORK (8) PTE. LTD.', 'SGD 73.87']",73.87,Credit,43803.73,False,False
48,05/11,"['FAST PAYMENT', '945GAD048616 STAPLE FOOD PT', 'API2019110506318541', 'OTHER', 'GPAY NETWORK (S) PTE. LTD.', 'SGD 160.21']",160.21,Credit,43963.94,False,False
49,05/11,"['FAST PAYMENT', 'GFGADO6P33 Staple Food Pt', 'API20191 10506319750', 'OTHER', 'GPAY NETWORK (S) PTE. LTD.', 'SGD 177.91']",177.91,Credit,44141.85,False,False
50,05/11,"['FAST PAYMENT', 'GFGADOCL04 STAPLE FOOD PT', 'API12019110506320997', 'OTHER', 'GPAY NETWORK (S) PTE. LTD.', 'SGD 163.54']",163.54,Credit,44305.39,False,False
51,05/11,"['FAST PAYMENT', 'GFGADONC37 Staple Food Pt', 'AP120191 10506321004', 'OTHER', 'GPAY NETWORK (S) PTE. LTD.', 'SGD 83.34']",83.34,Credit,44388.73,False,False
52,05/11,"['POINT-OF-SALE TRANSACTION', 'POS6604 STAPLE FOO']",23.0,Credit,44411.73,False,False
53,05/11,"['POINT-OF-SALE TRANSACTION', 'POS6605 STAPLE FOO']",14.3,Credit,44426.03,False,False
54,05/11,"['REMITTANCE TRANSFER OF FUNDS', 'RTF 201910 LINDA 0016RF7364025', 'LINDA SUSANTI', 'SGD 1306.11']",1306.11,Debit,43119.92,False,False
55,05/11,"['FAST PAYMENT', '201910 YANTI N PLS PETTY CASH', 'EBGPP91105419999', 'UOB:3623729719:IDEAL', 'SALARY PAYMENT', 'SGD 1728.84']",1728.84,Debit,41391.08,False,False
56,05/11,"['SERVICE CHARGE FOR FAST', 'PAYMENT', '201910 YANTI N PLS PETTY CASH', 'EBGPP91105419999', '3623729719:IDEAL', 'SALARY PAYMENT', 'SGD 1728.84']",0.5,Debit,41390.58,False,False
57,05/11,"['TRANSFER OF FUND', 'TRF JEAN NG SHI HUI I-BANK 120-', '437456-2 Jean Ng']",188.43,Credit,41579.01,False,False
58,05/11,"['FAST PAYMENT', 'GADOGRILLCOMPASSVALELINK', 'ROS0000000000000491280000000131', 'OTHER', 'GRABCAR PTE. LTD.', 'SGD 6,25']",6.25,Credit,41585.26,False,False
59,05/11,"['INTERBANK GIRO', 'DELIVEROO SINGAPORE PTE. LTD.', 'Delievroo', 'OTHER']",2291.69,Credit,43876.95,False,False
60,05/11,"['INTERBANK GIRO', 'DELIVEROO SINGAPORE PTE. LTD.', 'Delievroo', 'OTHER']",1639.66,Credit,45516.61,False,False
61,06/11,"['FAST PAYMENT', '281GAD769098 STAPLE FOOD PT', 'API20191 10606344956', 'OTHER', 'GPAY NETWORK (S) PTE. LTD.', 'SGD 113.52']",113.52,Credit,45630.13,False,False
62,06/11,"['FAST PAYMENT', 'GFGADOG6P33 Staple Food Pt', 'API20191 10606347439', 'OTHER', 'GPAY NETWORK (S) PTE. LTD.', 'SGD 73.73']",73.73,Credit,45703.86,False,False
63,06/11,"['FAST PAYMENT', 'GFGADOCL04 STAPLE FOOD PT', 'API20191 10606348964', 'OTHER', 'GPAY NETWORK (S) PTE. LTD.', 'SGD 337.26']",337.26,Credit,46041.12,False,False
64,06/11,"['FAST PAYMENT.', '945GAD048616 STAPLE FOOD PT', 'AP12019110606349600', 'OTHER', 'GPAY NETWORK (S) PTE. LTD.', 'SGD 229.11']",229.11,Credit,46270.23,False,False
65,06/11,"['FAST PAYMENT', 'GFGADONC37 Staple Food Pt', 'API2019110606350413', 'OTHER', 'GPAY NETWORK (S) PTE. LTD.', 'SGD 34.41']",34.41,Credit,46304.64,False,False
66,06/11,"['FAST PAYMENT', '329GAD409051 STAPLE FOOD PT', 'API20191 10606350765', 'OTHER', 'GPAY NETWORK (8) PTE. LTD.', 'SGD 25.27']",25.27,Credit,46329.91,False,False
67,06/11,"['POINT-OF-SALE TRANSACTION', 'POS6604 STAPLE FOO']",43.6,Credit,46373.51,False,False
68,06/11,"['DEPOSIT', 'DEP 10541531,RAFFLES PL BR2']",1094.0,Credit,47467.51,False,False
69,06/11,"['DEPOSIT', 'DEP 10541531,RAFFLES PL BR2']",1397.0,Credit,48864.51,False,False
70,06/11,"['REMITTANCE TRANSFER OF FUNDS', 'RTF timestation10.11 0016RF7393239', 'MSY', 'SGD 54.62']",54.62,Debit,48809.89,False,False
71,06/11,"['REMITTANCE TRANSFER OF FUNDS.', 'RTF 201911 WC rent 0016RF7393525', 'MSY', 'SGD 588.5']",588.5,Debit,48221.39,False,False
72,06/11,"['INTERBANK GIRO', 'PAYA LEBAR SQUARE Rent Nov19', '201211117H']",7888.04,Debit,40333.35,False,False
73,06/11,"['REMITTANCE TRANSFER OF FUNDS.', 'RTF M1 MOBILE PHONE', '0016RF7402124', 'DHARMA YASA JAYANTO', 'SGD 399']",399.0,Debit,39934.35,False,False
74,06/11,"['REMITTANCE TRANSFER OF FUNDS', 'RTF GADOGRILL WBSITE', '0016RF7402187', 'MSY', 'SGD 975.9']",975.9,Debit,38958.45,False,False
75,07/11,"['FAST PAYMENT.', '329GAD409051 STAPLE FOOD PT', 'API2019110706381350', 'OTHER', 'GPAY NETWORK (S) PTE. LTD.', 'SGD 6.25']",6.25,Credit,38964.7,False,False
76,07/11,"['FAST PAYMENT', 'GFGADO6P33 Staple Food Pt', 'API20191 10706381944', 'OTHER', 'GPAY NETWORK (S) PTE. LTD.', 'SGD 206.58']",206.58,Credit,39171.28,False,False
77,07/11,"['FAST PAYMENT', 'GFGADOCL04 STAPLE FOOD PT', 'API2019110706384910', 'OTHER', 'GPAY NETWORK (8) PTE. LTD.', 'SGD 444.67']",444.67,Credit,39615.95,False,False
78,07/11,"['FAST PAYMENT', '945GAD048616 STAPLE FOOD PT', 'APi2019110706386180', 'OTHER', 'GPAY NETWORK (S) PTE. LTD.', 'SGD 240.9']",240.9,Credit,39856.85,False,False
79,07/11,"['FAST PAYMENT', 'GFGADOOR36 Staple Food Pt', 'API20191 10706386914', 'OTHER', 'GPAY NETWORK (S) PTE. LTD.', 'SGD 48.11']",48.11,Credit,39904.96,False,False
80,07/11,"['FAST PAYMENT', 'GFGADONC37 Staple Food Pt', 'API20191 10706387594', 'OTHER', 'GPAY NETWORK (S) PTE. LTD.', 'SGD 91.14']",91.14,Credit,39996.1,False,False
81,07/11,"['FAST PAYMENT', '281GAD769098 STAPLE FOOD PT', 'API2019110706389216', 'OTHER', 'GPAY NETWORK (S) PTE. LTD.', 'SGD 60.99']",60.99,Credit,40057.09,False,False
82,07/11,"['POINT-OF-SALE TRANSACTION', 'POS6604 STAPLE FOO']",16.0,Credit,40073.09,False,False
83,07/11,"['POINT-OF-SALE TRANSACTION', 'POS6605 STAPLE FOO']",12.6,Credit,40085.69,False,False
84,07/11,"['POINT-OF-SALE TRANSACTION', 'POS6606 STAPLE FOO']",9.0,Credit,40094.69,False,False
85,07/11,"['REMITTANCE TRANSFER OF FUNDS.', 'RTF 201910 YANI 0016RF7406199', 'YANI', 'SGD 1226.02']",1226.02,Debit,38868.67,False,False
86,07/11,"['REMITTANCE TRANSFER OF FUNDS', 'RTF 201910 LIKA 0016RF7406200', 'LIKA', 'SGD 1183.46']",1183.46,Debit,37685.21,False,False
87,07/11,"['REMITTANCE TRANSFER OF FUNDS', 'RTF 201910 ERIS 0016RF7406421', 'ERIS', 'SGD 2120.47']",2120.47,Debit,35564.74,False,False
88,07/11,"['REMITTANCE TRANSFER OF FUNDS', 'RTF 201910 YANTI W 0016RF7406422', 'NEO ENG HOE BUDI ATI', 'SGD 1931.96']",1931.96,Debit,33632.78,False,False
89,07/11,"['REMITTANCE TRANSFER OF FUNDS', 'RTF NPC PETTY CASH', '0016RF7406726', 'FATMA', 'SGD 14.9']",14.9,Debit,33617.88,False,False
90,07/11,"['07-Nov-2019', 'RTF 201910 FATMAH 0016RF7406727', 'FATMA', 'SGD 1280.79']",1280.79,Debit,32337.09,False,False
91,07/11,"['FAST PAYMENT', '201910 NURUL n PETTY CASH', 'EBGPP91107435779', 'OCBC:663839934001:IDEAL', 'SALARY PAYMENT', 'SGD 2690.6']",2690.6,Debit,29646.49,False,False
92,07/11,"['FAST PAYMENT', '201910 EZZA EBGPP91107435752', 'UOB:4293707361:IDEAL', 'SALARY PAYMENT', 'SGD 1239.05']",1239.05,Debit,28407.44,False,False
93,07/11,"['SERVICE CHARGE FOR FAST', 'PAYMENT', '201910 NURUL n PETTY CASH', 'EBGPP91107435779', '663839934001 :IDEAL', 'SALARY PAYMENT', 'SGD 2690.6']",0.5,Debit,28406.94,False,False
94,07/11,"['SERVICE CHARGE FOR FAST', 'PAYMENT', '201910 EZZA EBGPP91107435752', '4293707361 :IDEAL', 'SALARY PAYMENT', 'SGD 1239.05']",0.5,Debit,28406.44,False,False
95,07/11,"['REMITTANCE TRANSFER OF FUNDS', 'RTF 201910 SARAH 0016RF7406744', 'SARAH', 'SGD 1372.13']",1372.13,Debit,27034.31,False,False
96,07/11,"['REMITTANCE TRANSFER OF FUNDS', 'RTF 201910 BRYAN 0016RF7406746', 'BRIAN', 'SGD 2701.55']",2701.55,Debit,24332.76,False,False
97,07/11,"['REMITTANCE TRANSFER OF FUNDS', 'RTF 201910 YATIE 0016RF7406745', 'YATI', 'SGD 2544.4']",2544.4,Debit,21788.36,False,False
98,07/11,"['REMITTANCE TRANSFER OF FUNDS', 'RTF 201910 SABARIAH', '0016RF7406822', 'SABARIAH', 'SGD 2107.9']",2107.9,Debit,19680.46,False,False
99,07/11,"['REMITTANCE TRANSFER OF FUNDS', 'RTF 201910 SURIYATI', '0016RF7407171', 'SURIYATI', 'SGD 1238.91']",1238.91,Debit,18441.55,False,False
100,07/11,"['REMITTANCE TRANSFER OF FUNDS', 'RTF 201910 GINNIE 0016RF7407173', 'LOONG GIIN HUEY', 'SGD 1039.5']",1039.5,Debit,17402.05,False,False
101,07/11,"['REMITTANCE TRANSFER OF FUNDS', 'RTF 201910 azmy 0016RF7407441', 'SURIYATI', 'SGD 1016.81']",1016.81,Debit,16385.24,False,False
102,07/11,"['FAST PAYMENT', '201910 ida EBGPP91107436244', 'OCBC:5507118478:IDEAL', 'SALARY PAYMENT', 'SGD 1094.52']",1094.52,Debit,15290.72,False,False
103,07/11,"['SERVICE CHARGE FOR FAST', 'PAYMENT', '201910 ida EBGPP91107436244', '5507118478:IDEAL', 'SALARY PAYMENT', 'SGD 1094.52']",0.5,Debit,15290.22,False,False
104,07/11,"['DEPOSIT', 'DEP 10541531,RAFFLES PL BR1']",1184.0,Credit,16474.22,False,False
105,07/11,"['FAST PAYMENT', '201910 SURINAH EBGPP91107436281', 'UOB:3551221871:IDEAL', 'SALARY PAYMENT', 'SGD 1071.43']",1071.43,Debit,15402.79,False,False
106,07/11,"['SERVICE CHARGE FOR FAST', 'PAYMENT', '201910 SURINAH EBGPP91107436281', '3551221871:IDEAL', 'SALARY PAYMENT', 'SGD 1071.43']",0.5,Debit,15402.29,False,False
107,07/11,"['REMITTANCE TRANSFER OF FUNDS', 'RTF 201910 SUMIATI 0016RF7411794', 'SUMIATI', 'SGD 1075.38']",1075.38,Debit,14326.91,False,False
108,07/11,"['REMITTANCE TRANSFER OF FUNDS', 'RTF 201910 TIA 0016RF7412005', 'TIA IRZAN', 'SGD 1286.83']",1286.83,Debit,13040.08,False,False
109,07/11,"['REMITTANCE TRANSFER OF FUNDS', 'Rr 201910 ANI 0016RF7412063', 'SGD 437.62']",437.62,Debit,12602.46,False,False
110,07/11,"['FAST PAYMENT', 'Waitrr Payout', 'ROS0000000000000493366000000007', 'CASH DISBURSEMENT', 'WAITRR PTE LTD', 'SGD 8.46']",8.46,Credit,12610.92,False,False
111,07/11,"['FAST PAYMENT.', '201910 IDA PH EBGPP91107441360', 'OCBC:5507118478:IDEAL', 'SALARY PAYMENT', 'SGD 36.98']",36.98,Debit,12573.94,False,False
112,07/11,"['SERVICE CHARGE FOR FAST', 'PAYMENT', '201910 IDA PH EBGPP91107441360', '5507118478:IDEAL', 'SALARY PAYMENT', 'SGD 36.98']",0.5,Debit,12573.44,False,False
113,07/11,"['INTERBANK GIRO', 'Singapore Telecommunication 58765766', '58765766']",197.99,Debit,12375.45,False,False
114,07/11,"['INTERBANK GIRO', 'Singapore Telecommunication 54376107', '54376107']",1.03,Debit,12374.42,False,False
115,07/11,"['INTERBANK GIRO', 'Singapore Telecommunication 45838778', '45838778']",99.1,Debit,12275.32,False,False
116,08/11,"['FAST PAYMENT', 'GFGADONC37 Staple Food Pt', 'API2019110806417463', 'OTHER', 'GPAY NETWORK (S) PTE. LTD.', 'SGD 74.72']",74.72,Credit,12350.04,False,False
117,08/11,"['FAST PAYMENT.', '945GAD048616 STAPLE FOOD PT', 'API2019110806418814', 'OTHER', 'GPAY NETWORK (S) PTE. LTD.', 'SGD 212.28']",212.28,Credit,12562.32,False,False
118,08/11,"['EAST PAYMENT', 'GFGADO6P33 Staple Food Pt', 'AP120191 10806422343', 'OTHER', 'GPAY NETWORK (S) PTE. LTD.', 'SGD 391.89']",391.89,Credit,12954.21,False,False
119,08/11,"['POINT-OF-SALE TRANSACTION', 'POS6604 STAPLE FOO']",6.5,Credit,12960.71,False,False
120,08/11,"['POINT-OF-SALE TRANSACTION', 'POS6605 STAPLE FOO']",18.9,Credit,12979.61,False,False
121,08/11,"['POINT-OF-SALE TRANSACTION', 'POS6606 STAPLE FOO']",6.6,Credit,12986.21,False,False
122,08/11,"['FAST PAYMENT', '329GAD409051 STAPLE FOOD PT', 'API2019110806424719', 'OTHER', 'GPAY NETWORK (8) PTE. LTD.', 'SGD 38.28']",38.28,Credit,13024.49,False,False
123,08/11,"['FAST PAYMENT', 'GFGADOCL04 STAPLE FOOD PT', 'API20191 10806425492', 'OTHER', 'GPAY NETWORK (S) PTE. LTD.', 'SGD 244.92']",244.92,Credit,13269.41,False,False
124,08/11,"['FAST PAYMENT', 'GFGADOOR36 Staple Food Pt', 'API2019110806425906', 'OTHER', 'GPAY NETWORK (S) PTE. LTD.', 'SGD 61.99']",61.99,Credit,13331.4,False,False
125,08/11,"['FAST PAYMENT', '281GAD769098 STAPLE FOOD PT', 'API20191 10806426146', 'OTHER', 'GPAY NETWORK (S) PTE. LTD.', 'SGD 156.23']",156.23,Credit,13487.63,False,False
126,08/11,"['REMITTANCE TRANSFER OF FUNDS', 'RTF 201911 WC HQrent', '0016RF7428171', 'MSY', 'SGD 770.4']",770.4,Debit,12717.23,False,False
127,08/11,"['REMITTANCE TRANSFER OF FUNDS', 'RTF NPC DRINKS REDMT', '0016RF7428208', 'MSY', 'SGD 41.05']",41.05,Debit,12676.18,False,False
128,08/11,"['FAST PAYMENT', 'WIX to warehouse', 'EBGPP91108443992000000C 10001273', '9332 M:+6596875084', 'OTHER', 'SGD 38']",38.0,Debit,12638.18,False,False
129,08/11,"['SERVICE CHARGE FOR PAYNOW', 'PAYMENTS', 'WIX to warehouse', 'EBGPP91108443992000000C 10001273', '9332 M:+6596875084:IDEAL', 'OTHER', 'SGD 38']",0.5,Debit,12637.68,False,False
130,08/11,"['DEPOSIT', 'DEP 10541531,RAFFLES PL BR1']",1089.0,Credit,13726.68,False,False
131,08/11,"['FAST PAYMENT', 'clear choke at PLS', 'EBGPP91108447951000000C 10000000', '0000 U:200610346W', 'INVOICE PAYMENT', 'SGD 160.5']",160.5,Debit,13566.18,False,False
132,08/11,"['SERVICE CHARGE FOR PAYNOW', 'PAYMENTS', 'clear choke at PLS', 'EBGPP91108447951000000C10000000', '0000 U:200610346W:IDEAL', 'INVOICE PAYMENT', 'SGD 160.5']",0.5,Debit,13565.68,False,False
133,09/11,"['FAST PAYMENT', '281GAD769098 STAPLE FOOD PT', 'API2019110906456074', 'OTHER', 'GPAY NETWORK (S) PTE. LTD.', 'SGD 61.96']",61.96,Credit,13627.64,False,False
134,09/11,"['FAST PAYMENT,', '329GAD409051 STAPLE FOOD PT', 'API2019110906460073', 'OTHER', 'GPAY NETWORK (S) PTE. LTD.', 'SGD 31.03']",31.03,Credit,13658.67,False,False
135,09/11,"['FAST PAYMENT', 'GFGADONC37 Staple Food Pt', 'API2019110906461286', 'OTHER', 'GPAY NETWORK (S) PTE. LTD.', 'SGD 121.57']",121.57,Credit,13780.24,False,False
136,09/11,"['FAST PAYMENT', '945GAD048616 STAPLE FOOD PT', 'AP120191 10906463382', 'OTHER', 'GPAY NETWORK (S) PTE. LTD.', 'SGD 185.17']",185.17,Credit,13965.41,False,False
137,09/11,"['FAST PAYMENT', 'GFGADO6P33 Staple Food Pt', 'API20191 10906463469', 'OTHER', 'GPAY NETWORK (S) PTE. LTD.', 'SGD 144.97']",144.97,Credit,14110.38,False,False
138,09/11,"['FAST PAYMENT.', 'GFGADOCL04 STAPLE FOOD PT', 'API20191 10906464639', 'OTHER', 'GPAY NETWORK (S) PTE. LTD.', 'SGD 270.18']",270.18,Credit,14380.56,False,False
139,09/11,"['REMITTANCE TRANSFER OF FUNDS', 'RTF. PLS FRIDGE 5559', '0016RF7445848', 'TONG FONG REFRIGERATION', 'SERVICES', 'SGD 190']",190.0,Debit,14190.56,False,False
140,09/11,"['REMITTANCE TRANSFER OF FUNDS', 'RTF DEPO WET WK OTH', '0016RF7445858', 'SHAHIDUL', 'SGD 1000']",1000.0,Debit,13190.56,False,False
141,09/11,"['DEPOSIT', 'DEP 89026850,KG UBI BR 1,']",439.0,Credit,13629.56,False,False
142,09/11,"['DEPOSIT', 'DEP 89026850,KG UBI BR 1,']",1210.0,Credit,14839.56,False,False
143,10/11,"['REMITTANCE TRANSFER OF FUNDS', 'RTF PLS DRINKS REDMT', '0016RF7449083', 'MSY', 'SGD 37.32']",37.32,Debit,14802.24,False,False
144,10/11,"['FAST PAYMENT', 'GFGADO6P33 Staple Food Pt', 'AP12019111006485420', 'OTHER', 'GPAY NETWORK (S) PTE. LTD.', 'SGD 195.39']",195.39,Credit,14997.63,False,False
145,10/11,"['FAST PAYMENT', '329GAD409051 STAPLE FOOD PT', 'API2019111006487091', 'OTHER', 'GPAY NETWORK (S) PTE. LTD.', 'SGD 15.86']",15.86,Credit,15013.49,False,False
146,10/11,"['FAST PAYMENT', '945GAD048616 STAPLE FOOD PT', 'API2019111006490935', 'OTHER', 'GPAY NETWORK (S) PTE. LTD.', 'SGD 8.43']",8.43,Credit,15021.92,False,False
147,10/11,"['FAST PAYMENT', 'GFGADONC37 Staple Food Pt', 'API2019111006492258', 'OTHER', 'GPAY NETWORK (S) PTE. LTD.', 'SGD 55.75']",55.75,Credit,15077.67,False,False
148,10/11,"['FAST PAYMENT', 'GFGADOCL04 STAPLE FOOD PT', 'API2019111006495362', 'OTHER', 'GPAY NETWORK (S) PTE. LTD.', 'SGD 349.77']",349.77,Credit,15427.44,False,False
149,10/11,"['FAST PAYMENT', '281GAD769098 STAPLE FOOD PT', 'API2019111006495959', 'OTHER', 'GPAY NETWORK (S) PTE. LTD.', 'SGD 110.17']",110.17,Credit,15537.61,False,False
150,11/11,"['FAST PAYMENT', '281GAD769098 STAPLE FOOD PT', 'API2019111106527901', 'OTHER', 'GPAY NETWORK (S) PTE. LTD.', 'SGD 142.99']",142.99,Credit,15680.6,False,False
151,11/11,"['FAST PAYMENT', 'GFGADO6P33 Staple Food Pt', 'API2019111106531031', 'OTHER', 'GPAY NETWORK (S) PTE. LTD.', 'SGD 115.7']",115.7,Credit,15796.3,False,False
152,11/11,"['FAST PAYMENT', '209IND238863 STAPLE FOOD PT', 'API2019111106531225', 'OTHER', 'GPAY NETWORK (S) PTE. LTD.', 'SGD 51.7']",51.7,Credit,15848.0,False,False
153,11/11,"['FAST PAYMENT', 'GFGADOCLO04 STAPLE FOOD PT', 'API2019111106531379', 'OTHER', 'GPAY NETWORK (S) PTE. LTD.', 'SGD 449.54']",449.54,Credit,16297.54,False,False
154,11/11,"['FAST PAYMENT', 'GFGADONC37 Staple Food Pt', 'API2019111106531403', 'OTHER', 'GPAY NETWORK (S) PTE. LTD.', 'SGD 235.11']",235.11,Credit,16532.65,False,False
155,11/11,"['POINT-OF-SALE TRANSACTION', 'POS6604 STAPLE FOO']",12.7,Credit,16545.35,False,False
156,11/11,"['POINT-OF-SALE TRANSACTION', 'POS6605 STAPLE FOO']",8.3,Credit,16553.65,False,False
157,11/11,"['POINT-OF-SALE TRANSACTION', 'POS6606 STAPLE FOO.']",6.3,Credit,16559.95,False,False
158,11/11,"['POINT-OF-SALE TRANSACTION', 'POS6606 STAPLE FOO']",50.7,Credit,16610.65,False,False
159,11/11,"['POINT-OF-SALE TRANSACTION', 'POS6606 STAPLE FOO']",39.6,Credit,16650.25,False,False
160,11/11,"['REMITTANCE TRANSFER OF FUNDS', 'RTF NPC PETTY CASH', '0016RF7468437', 'BRIAN', 'SGD 60.66']",60.66,Debit,16589.59,False,False
161,11/11,"['REMITTANCE TRANSFER OF FUNDS', 'RTF PLS PETTY CASH', '0016RF7468452', 'LINDA SUSANTI', 'SGD 43']",43.0,Debit,16546.59,False,False
162,12/11,"['FAST PAYMENT', 'GFGADONC37 Staple Food Pt', 'API2019111206559001', 'OTHER', 'GPAY NETWORK (S) PTE. LTD.', 'SGD 69.96']",69.96,Credit,16616.55,False,False
163,12/11,"['FAST PAYMENT', '281GAD769098 STAPLE FOOD PT', 'API2019111206561222', 'OTHER', 'GPAY NETWORK (S) PTE. LTD.', 'SGD 40.85']",40.85,Credit,16657.4,False,False
164,,"['FAST PAYMENT', 'GFGADOOR36 Staple Food Pt', 'AP12019111206561510', 'OTHER', 'GPAY NETWORK (S) PTE. LTD.', 'SGD 71.25']",71.25,Credit,16728.65,False,False
165,12/11,"['FAST PAYMENT', '945GAD048616 STAPLE FOOD PT', 'API2019111206562608', 'OTHER', 'GPAY NETWORK (S) PTE. LTD.', 'SGD 158.49']",158.49,Credit,16887.14,False,False
166,12/11,"['FAST PAYMENT', 'GFGADO6P33 Staple Food Pt', 'API20191 11206562722', 'OTHER', 'GPAY NETWORK (S) PTE. LTD.', 'SGD 59.48']",59.48,Credit,16946.62,False,False
167,12/11,"['FAST PAYMENT', '329GAD409051 STAPLE FOOD PT', 'AP12019111206565453', 'OTHER', 'GPAY NETWORK (S) PTE. LTD.', 'SGD 48.78']",48.78,Credit,16995.4,False,False
168,12/11,"['FAST PAYMENT', 'GFGADOCL04 STAPLE FOOD PT', 'API2019111206566780', 'OTHER', 'GPAY NETWORK (S) PTE. LTD.', 'SGD 121.76']",121.76,Credit,17117.16,False,False
169,12/11,"['POINT-OF-SALE TRANSACTION', 'POS6604 STAPLE FOO']",15.3,Credit,17132.46,False,False
170,12/11,"['POINT-OF-SALE TRANSACTION', 'POS6605 STAPLE FOO']",35.7,Credit,17168.16,False,False
171,12/11,"['POINT-OF-SALE TRANSACTION', 'POS6606 STAPLE FOO']",6.3,Credit,17174.46,False,False
172,12/11,['CASH TRANSACTION'],1078.0,Credit,18252.46,False,False
173,12/11,['CASH TRANSACTION'],0.1,Credit,18252.56,False,False
174,12/11,['CASH TRANSACTION'],0.6,Credit,18253.16,False,False
175,12/11,"['FAST PAYMENT', '201909 PLS UTILITIES', 'EBGPP91112461915', 'OCBC:591561428001:IDEAL', 'INVOICE PAYMENT', 'SGD 1291.23']",1291.23,Debit,16961.93,False,False
176,12/11,"['SERVICE CHARGE FOR FAST', 'PAYMENT', '201909 PLS UTILITIES', 'EBGPP91112461915', '591561428001:IDEAL', 'INVOICE PAYMENT', 'SGD 1291.23']",0.5,Debit,16961.43,False,False
177,12/11,"['REMITTANCE TRANSFER OF FUNDS.', 'RTF 201911 DHARMA AD', '0016RF7476489', 'DHARMA YASA JAYANTO', 'SGD 2000']",2000.0,Debit,14961.43,False,False
178,12/11,"['QUICK CHEQUE DEPOSIT', 'QCDM']",76.0,Credit,15037.43,False,False
179,12/11,['CHEQUE DEPOSIT'],108.0,Credit,15145.43,False,False
180,12/11,"['GIRO PAYMENT', '12/11/2019 90000 AUG-OCT 2019', 'BOOKKEEPING n GST']",750.0,Debit,14395.43,False,False
181,13/11,"['FAST PAYMENT', 'GFGADO6P33 Staple Food Pt', 'AP12019111306591481', 'OTHER', 'GPAY NETWORK (S) PTE. LTD.', 'SGD 127.68']",127.68,Credit,14523.11,False,False
182,13/11,"['FAST PAYMENT', '329GAD409051 STAPLE FOOD PT', 'API2019111306595447', 'OTHER', 'GPAY NETWORK ({S) PTE. LTD.', 'SGD 67.63']",67.63,Credit,14590.74,False,False
183,13/11,"['FAST PAYMENT', '945GAD048616 STAPLE FOOD PT', 'API2019111306596031', 'OTHER', 'GPAY NETWORK (S) PTE. LTD.', 'SGD 188.93']",188.93,Credit,14779.67,False,False
184,13/11,"['FAST PAYMENT', 'GFGADOCL04 STAPLE FOOD PT', 'API2019111306597663', 'OTHER', 'GPAY NETWORK (S) PTE. LTD.', 'SGD 294,71']",294.71,Credit,15074.38,False,False
185,13/11,"['FAST PAYMENT', 'GFGADONC37 Staple Food Pt', 'AP12019111306597767', 'OTHER', 'GPAY NETWORK (S) PTE. LTD.', 'SGD 144.28']",144.28,Credit,15218.66,False,False
186,13/11,"['FAST PAYMENT', '281GAD769098 STAPLE FOOD PT', 'API2019111306600878', 'OTHER', 'GPAY NETWORK (S) PTE. LTD.', 'SGD 192.96']",192.96,Credit,15411.62,False,False
187,13/11,"['FAST PAYMENT', 'GFGADOOR36 Staple Food Pt', 'API2019111306601742', 'OTHER', 'GPAY NETWORK (8) PTE. LTD.', 'SGD 119.6']",119.6,Credit,15531.22,False,False
188,13/11,"['POINT-OF-SALE TRANSACTION', 'POS6604 STAPLE FOO']",7.8,Credit,15539.02,False,False
189,13/11,"['POINT-OF-SALE TRANSACTION', 'POS6605 STAPLE FOO']",20.3,Credit,15559.32,False,False
190,13/11,"['SERVICE CHARGE FOR PROCESSING', 'OF IDEAL TRANSACTIONS', 'SCIDEAL']",0.2,Debit,15559.12,False,False
191,13/11,"['INTERBANK GIRO', 'DELIVERY HERO (SBORE PTE. LTD', 'V8KD Pay Adv Doc 606000003537', 'OTHER']",4500.96,Credit,20060.08,False,False
192,13/11,"['INTERBANK GIRO', ""DELIVERY HERO (S'PORE) PTE. LTD"", 'S4TQ Pay Adv Doc 630000001580', 'OTHER']",2720.81,Credit,22780.89,False,False
193,13/11,"['INTERBANK GIRO', ""DELIVERY HERO (S'PORE) PTE. LTD"", 'W2AE Pay Adv Doc 606000002787', 'OTHER']",10781.52,Credit,33562.41,False,False
194,13/11,"['INTERBANK GIRO', ""DELIVERY HERO (S'PORE) PTE. LTD"", 'V4VI Pay Adv Doc 630000001581', 'OTHER']",5040.0,Credit,38602.41,False,False
195,13/11,"['INTERBANK GIRO', ""DELIVERY HERO (S'PORE) PTE. LTD"", 'WOFY Pay Adv Doc 606000000012', 'OTHER']",3946.16,Credit,42548.57,False,False
196,13/11,"['INTERBANK GIRO', ""DELIVERY HERO (S'PORE) PTE. LTD"", 'X4HQ Pay Adv Doc 630000001533', 'OTHER']",8527.36,Credit,51075.93,False,False
197,13/11,"['GIRO', 'SP SERVICES LIMITED GIRO', 'COLLECTION', '8936280000']",201.34,Debit,50874.59,False,False
198,14/11,"['POINT-OF-SALE TRANSACTION.', 'POS6604 STAPLE FOO']",7.2,Credit,50881.79,False,False
199,14/11,"['FAST PAYMENT', 'GFGADO6P33 Soe Food Pt', 'API2019111406628295,', 'OTHER', 'GPAY NETWORK (S) PTE. LTD.', 'SGD 167.31']",167.31,Credit,51049.1,False,False
200,14/11,"['FAST PAYMENT', '281GAD769098 STAPLE FOOD PT', 'AP12019111406628972', 'OTHER', 'GPAY NETWORK (S) PTE. LTD.', 'SGD 135.73']",135.73,Credit,51184.83,False,False
201,14/11,"['FAST PAYMENT', 'GFGADOCL04 STAPLE FOOD PT', 'API2019111406629017', 'OTHER', 'GPAY NETWORK (S) PTE. LTD.', 'SGD 316.37']",316.37,Credit,51501.2,False,False
202,14/11,"['FAST PAYMENT', 'GFGADOOR36 Staple Food Pt', 'AP12019111406631309', 'OTHER', 'GPAY NETWORK (S) PTE. LTD.', 'SGD 53.88']",53.88,Credit,51555.08,False,False
203,14/11,"['FAST PAYMENT', '945GAD048616 STAPLE FOOD PT', 'API20191 11406633749', 'OTHER', 'GPAY NETWORK (S) PTE. LTD.', 'SGD 172.25']",172.25,Credit,51727.33,False,False
204,14/11,"['FAST PAYMENT', 'GFGADONC37 Staple Food Pt', 'API20191 11406635995,', 'OTHER', 'GPAY NETWORK (S) PTE. LTD.', 'SGD 101.43']",101.43,Credit,51828.76,False,False
205,14/11,"['FAST PAYMENT', '329GAD409051 STAPLE FOOD PT', 'AP120191 11406638094', 'OTHER', 'GPAY NETWORK (S) PTE. LTD.', 'SGD 71.29']",71.29,Credit,51900.05,False,False
206,14/11,"['FAST PAYMENT.', 'GADONGRILLNORTHPOINTCITY', 'ROS0000000000000496390000000925', 'OTHER', 'GRABCAR PTE. LTD.', 'SGD 10.76']",10.76,Credit,51910.81,False,False
207,14/11,"['FAST PAYMENT', 'GADONGRILL60PAYALEBARROAD', 'ROS0000000000000496390000001697', 'OTHER', 'GRABCAR PTE. LTD.', 'SGD 115.08']",115.08,Credit,52025.89,False,False
208,14/11,['CASH TRANSACTION'],1222.9,Credit,53248.79,False,False
209,14/11,['CASH TRANSACTION'],1235.0,Credit,54483.79,False,False
210,14/11,"['REMITTANCE TRANSFER OF FUNDS', 'RTF DHARMA 0016RF7513094', 'DHARMA YASA JAYANTO', 'SGD 5000']",5000.0,Debit,49483.79,False,False
211,14/11,"['INTERBANK GIRO', 'Fomor Singapore Pte. Ltd. Gado &', 'OTHER']",294.03,Credit,49777.82,False,False
212,14/11,"['INTERBANK GIRO', 'CPF BIZ', '201211117H']",7340.0,Debit,42437.82,False,False
213,15/11,"['FAST PAYMENT', 'GFGADOCL04 STAPLE FOOD PT', 'API20191 11506661072', 'OTHER', 'GPAY NETWORK (S) PTE. LTD.', 'SGD 296.77']",296.77,Credit,42734.59,False,False
214,15/11,"['FAST PAYMENT', 'GFGADOOR36 Staple Food Pt', 'API2019111506661244', 'OTHER', 'GPAY NETWORK (S) PTE. LTD.', 'SGD 46.15']",46.15,Credit,42780.74,False,False
215,15/11,"['FAST PAYMENT', '329GAD409051 STAPLE FOOD PT', 'API2019111506661788', 'OTHER', 'GPAY NETWORK (S) PTE. LTD.', 'SGD 33.11']",33.11,Credit,42813.85,False,False
216,15/11,"['FAST PAYMENT.', '945GAD048616 STAPLE FOOD PT', 'API2019111506661800', 'OTHER', 'GPAY NETWORK (S) PTE. LTD.', 'SGD 193.52']",193.52,Credit,43007.37,False,False
217,15/11,"['POINT-OF-SALE TRANSACTION', 'POS6604 STAPLE FOO']",42.3,Credit,43049.67,False,False
218,15/11,"['POINT-OF-SALE TRANSACTION', 'POS6606 STAPLE FOO']",20.5,Credit,43070.17,False,False
219,15/11,"['FAST PAYMENT', 'GFGADO6P33 Staple Food Pt', 'AP12019111506682431', 'OTHER', 'GPAY NETWORK (S) PTE. LTD.', 'SGD 61.21']",61.21,Credit,43131.38,False,False
220,15/11,"['FAST PAYMENT', 'GFGADONC37 Staple Food Pt', 'API2019111506687058', 'OTHER', 'GPAY NETWORK (S) PTE. LTD.', 'SGD 161.98']",161.98,Credit,43293.36,False,False
221,15/11,"['FAST PAYMENT', '281GAD769098 STAPLE FOOD PT', 'API2019111506687380', 'OTHER', 'GPAY NETWORK (S) PTE. LTD.', 'SGD 97.85']",97.85,Credit,43391.21,False,False
222,15/11,"['FAST PAYMENT', 'EBGPP91115479380', 'EBGPP91115479380000000C 10001298', '0891 M:+6592464633', 'OTHER', 'SGD 695']",695.0,Debit,42696.21,False,False
223,15/11,"['SERVICE CHARGE FOR PAYNOW', 'PAYMENTS', 'EBGPP91115479380', 'EBGPP91115479380000000C10001298', '0891 M:+6592464633:IDEAL', 'OTHER', 'SGD 695']",0.5,Debit,42695.71,False,False
224,15/11,"['DEPOSIT', 'DEP 89026850,RAFFLES PL BR1,']",1014.0,Credit,43709.71,False,False
225,15/11,"['FAST PAYMENT', 'EQUIPMENT TAKEOVER FR', 'SALADBOX EBGPP91 115483840', 'OCBC:510363815001:IDEAL', 'INVOICE PAYMENT', 'SGD 3000']",3000.0,Debit,40709.71,False,False
226,15/11,"['SERVICE CHARGE FOR FAST', 'PAYMENT', 'EQUIPMENT TAKEOVER FR', 'SALADBOX EBGPP91 115483840', '510363815001:IDEAL', 'INVOICE PAYMENT', 'SGD 3000']",0.5,Debit,40709.21,False,False
227,15/11,"['INTERBANK GIRO', 'OUB CENTRE LIMITED', 'OIGSGOUBCLA14641', '201211117H']",105.82,Debit,40603.39,False,False
228,15/11,"['FAST PAYMENT.', '201910 PEST CONTROL', 'EBGPP91115484086000000C12001308', '2669 U:201604962Z', 'INVOICE PAYMENT', 'SGD 210']",210.0,Debit,40393.39,False,False
229,15/11,"['SERVICE CHARGE FOR PAYNOW', 'PAYMENTS.', '201910 PEST CONTROL', 'EBGPP91115484086000000C 12001308', '2669 U:201604962Z:IDEAL', 'INVOICE PAYMENT', 'SGD 210']",0.5,Debit,40392.89,False,False
230,16/11,"['FAST PAYMENT.', 'GFGADOCL04 STAPLE FOOD PT', 'API2019111606717544', 'OTHER', 'GPAY NETWORK (S) PTE. LTD.', 'SGD 291.75']",291.75,Credit,40684.64,False,False
231,16/11,"['FAST PAYMENT', '329GAD409051 STAPLE FOOD PT', 'API2019111606718289', 'OTHER', 'GPAY NETWORK (S) PTE. LTD.', 'SGD 26.67']",26.67,Credit,40711.31,False,False
232,16/11,"['FAST PAYMENT', 'GFGADO6P33 Staple Food Pt', 'API20191 11606718661', 'OTHER', 'GPAY NETWORK (S) PTE. LTD.', 'SGD 98.34']",98.34,Credit,40809.65,False,False
233,16/11,"['FAST PAYMENT', '281GAD769098 STAPLE FOOD PT', '‘API2019111606722217', 'OTHER', 'GPAY NETWORK (8) PTE. LTD.', 'SGD 174.08']",174.08,Credit,40983.73,False,False
234,16/11,"['FAST PAYMENT', 'GFGADONC37 Staple Food Pt', 'API2019111606723274', 'OTHER', 'GPAY NETWORK (S) PTE. LTD.', 'SGD 70']",70.0,Credit,41053.73,False,False
235,16/11,"['FAST PAYMENT', '945GAD048616 STAPLE FOOD PT', 'API2019111606724391', 'OTHER', 'GPAY NETWORK (S) PTE. LTD.', 'SGD 179.02']",179.02,Credit,41232.75,False,False
236,16/11,"['REMITTANCE TRANSFER OF FUNDS', 'RTF wetwork reno2 0016RF7544339', 'SHAHIDUL', 'SGD 500']",500.0,Debit,40732.75,False,False
237,16/11,"['REMITTANCE TRANSFER OF FUNDS', 'RTF BOX MPS190589 0016RF7544468', 'MICROWAVE PACKAGING (8) PTE', 'LT', 'SGD 3873.4']",3873.4,Debit,36859.35,False,False
238,16/11,"['REMITTANCE TRANSFER OF FUNDS', 'RTF 201911 azmy adv 0016RF7545465', 'LINDA SUSANTI', 'SGD 100']",100.0,Debit,36759.35,False,False
239,17/11,"['FAST PAYMENT', 'GFGADONC37 Staple Food Pt', 'API2019111706748708', 'OTHER', 'GPAY NETWORK (S) PTE. LTD.', 'SGD 55.32']",55.32,Credit,36814.67,False,False
240,17/11,"['FAST PAYMENT', '281GAD769098 STAPLE FOOD PT', 'API2019111706752950', 'OTHER', 'GPAY NETWORK (S) PTE. LTD.', 'SGD 50.35']",50.35,Credit,36865.02,False,False
241,17/11,"['FAST PAYMENT', '329GAD409051 STAPLE FOOD PT', 'API20191 11706753527', 'OTHER', 'GPAY NETWORK (S) PTE. LTD.', 'SGD 5.95']",5.95,Credit,36870.97,False,False
242,17/11,"['FAST PAYMENT', 'GFGADO6P33 Staple Food Pt', 'API2019111706754852', 'OTHER', 'GPAY NETWORK (S) PTE. LTD.', 'SGD 97.51']",97.51,Credit,36968.48,False,False
243,,"['FAST PAYMENT', 'GFGADOCL04 STAPLE FOOD PT', 'API2019111706756177', 'OTHER', 'GPAY NETWORK (S) PTE. LTD.', 'SGD 316.8']",316.8,Credit,37285.28,False,False
244,18/11,"['REMITTANCE TRANSFER OF FUNDS', 'RTF 201910 DIM SUM 0016RF7543404', 'KKF PTE LTD', 'SGD 1020.28']",1020.28,Debit,36265.0,False,False
245,18/11,"['POINT-OF-SALE TRANSACTION', 'POS6604 STAPLE FOO']",15.1,Credit,36280.1,False,False
246,18/11,"['POINT-OF-SALE TRANSACTION', 'POS6605 STAPLE FOO']",7.0,Credit,36287.1,False,False
247,18/11,"['POINT-OF-SALE TRANSACTION', 'POS6606 STAPLE FOO']",14.6,Credit,36301.7,False,False
248,18/11,"['POINT-OF-SALE TRANSACTION', 'POS6606 STAPLE FOO']",88.7,Credit,36390.4,False,False
249,18/11,"['FAST PAYMENT', '281GAD769098 STAPLE FOOD PT', 'AP12019111806788727', 'OTHER', 'GPAY NETWORK (S) PTE. LTD.', 'SGD 68.4']",68.4,Credit,36458.8,False,False
250,18/11,"['FAST PAYMENT.', 'GFGADOCL04 STAPLE FOOD PT', 'API20191 11806789046', 'OTHER', 'GPAY NETWORK (S) PTE. LTD.', 'SGD 644.99']",644.99,Credit,37103.79,False,False
251,18/11,"['FAST PAYMENT', 'GFGADO6P33 Staple Food Pt', 'API2019111806789295', 'OTHER', 'GPAY NETWORK (S) PTE. LTD.', 'SGD 215.85']",215.85,Credit,37319.64,False,False
252,18/11,"['FAST PAYMENT', 'GFGADONC37 Staple Food Pt', 'API2019111806790271', 'OTHER', 'GPAY NETWORK (S) PTE. LTD.', 'SGD 138.39']",138.39,Credit,37458.03,False,False
253,18/11,"['REMITTANCE TRANSFER OF FUNDS', 'RTF OTH SP SVC DEPO', '0016RF7550350', 'DHARMA YASA JAYANTO', 'SGD 1650']",1650.0,Debit,35808.03,False,False
254,18/11,"['REMITTANCE TRANSFER OF FUNDS', 'RTF TRANSFER 0016RF7550356', 'DHARMA YASA JAYANTO', 'SGD 5000']",5000.0,Debit,30808.03,False,False
255,18/11,"['DEPOSIT', 'DEP 10541531,RAFFLES PL BR2']",899.0,Credit,31707.03,False,False
256,18/11,"['DEPOSIT', 'DEP 10541531,RAFFLES PL BR2']",402.0,Credit,32109.03,False,False
257,18/11,"['REMITTANCE TRANSFER OF FUNDS', 'RTF NPC HONEY 0016RF7554761', 'HOCK SENG FOOD PTE LTD', 'SGD 107']",107.0,Debit,32002.03,False,False
258,18/11,"['REMITTANCE TRANSFER OF FUNDS', 'RTF PLS DISPOSABLES', '0016RF7554772', 'MSY', 'SGD 10.9']",10.9,Debit,31991.13,False,False
259,18/11,"['INTERBANK GIRO', 'STARHUB LTD StarHub Postpaid GIRO', 'Collection', '25135326']",88.0,Debit,31903.13,False,False
260,18/11,"['INTERBANK GIRO', 'CPF BFWL', '201211117H']",2250.0,Debit,29653.13,False,False
261,18/11,"['GIRO.', 'SP SERVICES LIMITED GIRO', 'COLLECTION', '8932183059']",65.55,Debit,29587.58,False,False
262,19/11,"['POINT-OF-SALE TRANSACTION', 'POS6605 STAPLE FOO']",15.0,Credit,29602.58,False,False
263,19/11,"['FAST PAYMENT.', '201910 DISPOSABLES BTH', 'EBGPP91115484090', 'UOB:1163157069:IDEAL', 'INVOICE PAYMENT', 'SGD 1644.59']",1644.59,Debit,27957.99,False,False
264,19/11,"['SERVICE CHARGE FOR FAST', 'PAYMENT', '201910 DISPOSABLES BTH', 'EBGPP91115484090', '1163157069:IDEAL', 'INVOICE PAYMENT', 'SGD 1644.59']",0.5,Debit,27957.49,False,False
265,19/11,"['FAST PAYMENT', '329GAD409051 STAPLE FOOD PT', 'API2019111906821974', 'OTHER', 'GPAY NETWORK (S) PTE. LTD.', 'SGD 78.03']",78.03,Credit,28035.52,False,False
266,19/11,"['FAST PAYMENT', 'GFGADONC37 Staple Food Pt', 'AP12019111906823019', 'OTHER', 'GPAY NETWORK (S) PTE. LTD.', 'SGD 116.55']",116.55,Credit,28152.07,False,False
267,19/11,"['FAST PAYMENT.', '281GAD769098 STAPLE FOOD PT', 'API20191 11906823697', 'OTHER', 'GPAY NETWORK (S) PTE. LTD.', 'SGD 186.12']",186.12,Credit,28338.19,False,False
268,19/11,"['FAST PAYMENT', '945GAD048616 STAPLE FOOD PT', 'API2019111906828228', 'OTHER', 'GPAY NETWORK (S) PTE. LTD.', 'SGD 106.51']",106.51,Credit,28444.7,False,False
269,19/11,"['FAST PAYMENT', 'GFGADOCL04 STAPLE FOOD PT', 'API2019111906828468', 'OTHER', 'GPAY NETWORK (S) PTE. LTD.', 'SGD 280.82']",280.82,Credit,28725.52,False,False
270,19/11,"['FAST PAYMENT', 'GFGADOOR36 Staple Food Pt', 'API20191 11906830332', 'OTHER', 'GPAY NETWORK (S) PTE. LTD.', 'SGD 30.33']",30.33,Credit,28755.85,False,False
271,19/11,"['FAST PAYMENT', 'GFGADO6P33 Staple Food Pt', 'API2019111906831773', 'OTHER', 'GPAY NETWORK (S) PTE. LTD.', 'SGD 93.81']",93.81,Credit,28849.66,False,False
272,19/11,['CASH TRANSACTION'],7.8,Credit,28857.46,False,False
273,19/11,['CASH TRANSACTION'],1131.5,Credit,29988.96,False,False
274,19/11,"['FAST PAYMENT', 'Deposit for OTH equipment', 'EBGPP91119500240000000C 10001314', '3117 U:52839082A', 'DEPT', 'SGD 700']",700.0,Debit,29288.96,False,False
275,19/11,"['SERVICE CHARGE FOR PAYNOW,', 'PAYMENTS', 'Deposit for OTH equipment', 'EBGPP91119500240000000C10001314', '3117 U:52839082A:IDEAL', 'DEPT', 'SGD 700']",0.5,Debit,29288.46,False,False
276,19/11,"['REMITTANCE TRANSFER OF FUNDS', 'RTF NPC PETTY CASH', '0016RF7586367', 'BRIAN', 'SGD 22.2']",22.2,Debit,29266.26,False,False
277,,"['GIRO PAYMENT', '19/11/2019 90000 201910 TUNGSAN']",703.15,Debit,28563.11,False,False
278,19/11,"['GIRO PAYMENT', '19/11/2019 90001 201910 GOLDEN', 'WING']",111.5,Debit,28451.61,False,False
279,19/11,"['REMITTANCE TRANSFER OF FUNDS:', 'RTF AZMY WP CARD REP', '0016RF7587050', 'MSY', 'SGD 100']",100.0,Debit,28351.61,False,False
280,20/11,"['FAST PAYMENT', '329GAD409051 STAPLE FOOD PT', 'API20191 12006852870', 'OTHER', 'GPAY NETWORK (S) PTE. LTD.', 'SGD 27.36']",27.36,Credit,28378.97,False,False
281,20/11,"['FAST PAYMENT', 'GFGADOOR36 Staple Food Pt', 'API2019112006853065', 'OTHER', 'GPAY NETWORK (S) PTE. LTD.', 'SGD 6.25']",6.25,Credit,28385.22,False,False
282,20/11,"['FAST PAYMENT', 'GFGADONC37 Staple Food Pt', 'API20191 12006853738', 'OTHER', 'GPAY NETWORK (S) PTE. LTD.', 'SGD 67.52']",67.52,Credit,28452.74,False,False
283,20/11,"['FAST PAYMENT', 'GFGADO6P33 sii Food Pt', 'AP12019112006853806', 'OTHER', 'GPAY NETWORK (S) PTE. LTD.', 'SGD 168.49']",168.49,Credit,28621.23,False,False
284,20/11,"['FAST PAYMENT', '945GAD048616 STAPLE FOOD PT', 'API2019112006858845', 'OTHER', 'GPAY NETWORK (S) PTE. LTD.', 'SGD 172.51']",172.51,Credit,28793.74,False,False
285,20/11,"['FAST PAYMENT', 'GFGADOCL04 STAPLE FOOD PT', 'AP12019112006860480', 'OTHER', 'GPAY NETWORK (S) PTE. LTD.', 'SGD 207.64']",207.64,Credit,29001.38,False,False
286,20/11,"['FAST PAYMENT', '281GAD769098 STAPLE FOOD PT', 'AP12019112006862466', 'OTHER', 'GPAY NETWORK (S) PTE. LTD.', 'SGD 144.16']",144.16,Credit,29145.54,False,False
287,20/11,"['POINT-OF-SALE TRANSACTION', 'POS6604 STAPLE FOO']",15.0,Credit,29160.54,False,False
288,20/11,"['POINT-OF-SALE TRANSACTION', 'POS6605 STAPLE FOO']",6.3,Credit,29166.84,False,False
289,20/11,"['POINT-OF-SALE TRANSACTION', 'POS6606 STAPLE FOO']",25.3,Credit,29192.14,False,False
290,20/11,"['FAST PAYMENT', '201911 SURINAH ADV', 'EBGPP91119500256', 'UOB:3551221871:IDEAL', 'SALARY PAYMENT', 'SGD 200']",200.0,Debit,28992.14,False,False
291,20/11,"['SERVICE CHARGE FOR FAST', 'PAYMENT', '201911 SURINAH ADV', 'EBGPP91119500256', '3551221871:IDEAL', 'SALARY PAYMENT', 'SGD 200']",0.5,Debit,28991.64,False,False
292,20/11,"['REMITTANCE TRANSFER OF FUNDS', 'Hv 201911 LIKA ADV 0016RF7589559.', 'Ll', 'SGD 500']",500.0,Debit,28491.64,False,False
293,20/11,"['FAST PAYMENT', '201911 EZZA ADV EBGPP91119500253', 'UOB:4293707361:IDEAL', 'SALARY PAYMENT', 'SGD 200']",200.0,Debit,28291.64,False,False
294,20/11,"['FAST PAYMENT', '201911 ANI ADV EBGPP91 119500255', 'OCBC:712644095001:IDEAL', 'SALARY PAYMENT', 'SGD 500']",500.0,Debit,27791.64,False,False
295,20/11,"['SERVICE CHARGE FOR FAST', 'PAYMENT', '201911 ANI ADV EBGPP91119500255', '712644095001 :IDEAL', 'SALARY PAYMENT', 'SGD 500']",0.5,Debit,27791.14,False,False
296,20/11,"['BE ICEICHARGE FOR FAST', 'AY MI', '201911 EZZA ADV EBGPP91 119500253', '4293707361 :IDEAL', 'SALARY PAYMENT', 'SGD 200']",0.5,Debit,27790.64,False,False
297,20/11,"['REMITTANCE TRANSFER OF FUNDS', 'RTF 201911 FATMA ADV', '0016RF7589585', 'FATMA', 'SGD 500']",500.0,Debit,27290.64,False,False
298,20/11,"['FAST PAYMENT', '201911 YANTI D ADV', 'EBGPP91119500257', 'UOB:3623729719:IDEAL', 'SALARY PAYMENT', 'SGD 500']",500.0,Debit,26790.64,False,False
299,20/11,"['REMITTANCE TRANSFER OF FUNDS', 'RTF 201911 SABA ADV', '0016RF7589619', 'SABARIAH', 'SGD 600']",600.0,Debit,26190.64,False,False
300,20/11,"['SERVICE CHARGE FOR FAST', 'PAYMENT', '201911 YANTID ADV', 'EBGPP91119500257', '3623729719:IDEAL', 'SALARY PAYMENT', 'SGD 500']",0.5,Debit,26190.14,False,False
301,20/11,"['REMITTANCE TRANSFER OF FUNDS', 'RTF 201911 SARAH ADV', '0016RF7589620', 'SARAH', 'SGD 500']",500.0,Debit,25690.14,False,False
302,20/11,"['REMITTANCE TRANSFER OF FUNDS', 'RTF 201911 SUMIATIA', '0016RF7589623', 'SUMIATI', 'SGD 400']",400.0,Debit,25290.14,False,False
303,20/11,"['REMITTANCE TRANSFER OF FUNDS', 'RTF 201911 SURIYATI', '0016RF7589657', 'SURIYATI', 'SGD 900']",900.0,Debit,24390.14,False,False
304,20/11,['CASH TRANSACTION'],1260.1,Credit,25650.24,False,False
305,20/11,"['SERVICE CHARGE FOR PROCESSING', 'OF IDEAL TRANSACTIONS.', 'SCIDEAL']",0.4,Debit,25649.84,False,False
306,20/11,"['FAST PAYMENT.', 'GADONGRILLNORTHPOINTCITY', 'ROS0000000000000499754000000088', 'OTHER', 'GRABCAR PTE. LTD.', 'SGD 13.15']",13.15,Credit,25662.99,False,False
307,20/11,"['GIRO PAYMENT', '20/11/2019 90000 201910 CHICKEN', 'WINGS']",2295.2,Debit,23367.79,False,False
308,20/11,"['INTERBANK GIRO', 'NETS (S) Pte Ltd F110023235', 'ES11180']",10.82,Debit,23356.97,False,False
309,21/11,"['REMITTANCE TRANSFER OF FUNDS', 'RTF PLS ICE 0016RF7605516', 'LINDA SUSANTI', 'SGD 20']",20.0,Debit,23336.97,False,False
310,21/11,"['FAST PAYMENT', 'GFGADO6P33 Staple Food Pt', 'API2019112106888920', 'OTHER', 'GPAY NETWORK (S) PTE. LTD.', 'SGD 102.5']",102.5,Credit,23439.47,False,False
311,21/11,"['FAST PAYMENT', 'GFGADOCL04 STAPLE FOOD PT', 'API2019112106889952', 'OTHER', 'GPAY NETWORK (S) PTE. LTD.', 'SGD 366.07']",366.07,Credit,23805.54,False,False
312,21/11,"['FAST PAYMENT', 'GFGADONC37 Staple Food Pt', 'API2019112106890135', 'OTHER', 'GPAY NETWORK (S) PTE. LTD.', 'SGD 42.13']",42.13,Credit,23847.67,False,False
313,21/11,"['FAST PAYMENT', '281GAD769098 STAPLE FOOD PT', 'AP12019112106891279', 'OTHER', 'GPAY NETWORK (S) PTE. LTD.', 'SGD 198.39']",198.39,Credit,24046.06,False,False
314,21/11,"['POINT-OF-SALE TRANSACTION', 'POS6604 STAPLE FOO']",28.0,Credit,24074.06,False,False
315,21/11,"['POINT-OF-SALE TRANSACTION', 'POS6606 STAPLE FOO']",30.2,Credit,24104.26,False,False
316,21/11,"['FAST PAYMENT', 'GFGADOOR36 Staple Food Pt', 'API2019112106893984', 'OTHER', 'GPAY NETWORK (S) PTE. LTD.', 'SGD 97.75']",97.75,Credit,24202.01,False,False
317,21/11,"['FAST PAYMENT', '329GAD409051 STAPLE FOOD PT', 'AP12019112106895953', 'OTHER', 'GPAY NETWORK (S) PTE. LTD.', 'SGD 12.49']",12.49,Credit,24214.5,False,False
318,21/11,"['FAST PAYMENT', '945GAD048616 STAPLE FOOD PT', 'API2019112106898521', 'OTHER', 'GPAY NETWORK (S) PTE. LTD.', 'SGD 281.17']",281.17,Credit,24495.67,False,False
319,21/11,"['REMITTANCE TRANSFER OF FUNDS', 'RTF PLS HONEY 0016RF7608950', 'HOCK SENG FOOD PTE LTD', 'SGD 107']",107.0,Debit,24388.67,False,False
320,21/11,"['FAST PAYMENT', '201911 ana PT EBGPP91121509527', 'UOB:3623729719:IDEAL', 'SALARY PAYMENT', 'SGD 1084.73']",1084.73,Debit,23303.94,False,False
321,21/11,"['SERVICE CHARGE FOR FAST', 'PAYMENT', '201911 ana PT EBGPP91121509527', '3623729719:IDEAL', 'SALARY PAYMENT', 'SGD 1084.73']",0.5,Debit,23303.44,False,False
322,21/11,"['SERVICE CHARGE FOR PROCESSING', 'OF IDEAL TRANSACTIONS', 'SCIDEAL']",0.2,Debit,23303.24,False,False
323,21/11,"['FAST PAYMENT', 'Waitrr Payout', 'ROS0000000000000501 123000000006', 'CASH DISBURSEMENT', 'WAITRR PTE LTD', 'SGD 8.45']",8.45,Credit,23311.69,False,False
324,21/11,"['GIRO PAYMENT', '21/11/2019 90000 201910 TOPSELLER']",3637.25,Debit,19674.44,False,False
325,21/11,"['INTERBANK GIRO', 'NPC(S) UTILITIES RECEIPTS 4490', 'F5020007']",1720.53,Debit,17953.91,False,False
326,21/11,"['GIRO', 'SP SERVICES LIMITED GIRO', 'COLLECTION', '8927983257']",115.07,Debit,17838.84,False,False
327,21/11,"['REMITTANCE TRANSFER OF FUNDS', 'RTF LEW fees for OTH', '0016RF7623240', 'MSY', 'SGD 800']",800.0,Debit,17038.84,False,False
328,22/11,"['FAST PAYMENT', '945GAD048616 STAPLE FOOD PT', 'API20191 12206923029', 'OTHER', 'GPAY NETWORK (S) PTE. LTD.', 'SGD 189.06']",189.06,Credit,17227.9,False,False
329,22/11,"['FAST PAYMENT', '329GAD409051 STAPLE FOOD PT', 'API2019112206924007', 'OTHER', 'GPAY NETWORK (S) PTE. LTD.', 'SGD 80']",80.0,Credit,17307.9,False,False
330,22/11,"['FAST PAYMENT', 'GFGADO6P33 Staple Food Pt', 'AP12019112206925114', 'OTHER', 'GPAY NETWORK (8) PTE. LTD.', 'SGD 78.97']",78.97,Credit,17386.87,False,False
331,22/11,"['FAST PAYMENT', 'GFGADOCL04 STAPLE FOOD PT', 'API2019112206925167', 'OTHER', 'GPAY NETWORK (S) PTE. LTD.', 'SGD 555.95']",555.95,Credit,17942.82,False,False
332,22/11,"['FAST PAYMENT', '281GAD769098 STAPLE FOOD PT', 'API2019112206926874.', 'OTHER', 'GPAY NETWORK (S) PTE. LTD.', 'SGD 74.16']",74.16,Credit,18016.98,False,False
333,22/11,"['FAST PAYMENT', 'GFGADONC37 Staple Food Pt', 'API2019112206927222', 'OTHER', 'GPAY NETWORK (S) PTE. LTD.', 'SGD 128.42']",128.42,Credit,18145.4,False,False
334,22/11,"['FAST PAYMENT', 'GFGADOOR36 Staple Food Pt', 'AP120191 12206928211', 'OTHER', 'GPAY NETWORK (S) PTE. LTD.', 'SGD 15.36']",15.36,Credit,18160.76,False,False
335,22/11,"['REMITTANCE TRANSFER OF FUNDS', 'RTF 201910 FISH 0016RF7543516', 'BAN HENG AQUATIC SUPPLIES PTE', 'SGD 1658.5']",1658.5,Debit,16502.26,False,False
336,22/11,"['POINT-OF-SALE TRANSACTION', 'POS6604 STAPLE FOO']",21.5,Credit,16523.76,False,False
337,22/11,"['POINT-OF-SALE TRANSACTION', 'POs6605 STAPLE FOO']",13.3,Credit,16537.06,False,False
338,22/11,"['POINT-OF-SALE TRANSACTION', 'POS6606 STAPLE FOO']",38.3,Credit,16575.36,False,False
339,22/11,"['FAST PAYMENT.', '201910 TEMPE EBGPP91121513416', 'U0B:4203024317:IDEAL', 'INVOICE PAYMENT', 'SGD 424']",424.0,Debit,16151.36,False,False
340,22/11,"['SERVICE CHARGE FOR FAST', 'PAYMENT', '201910 TEMPE EBGPP91121513416', '4203024317:IDEAL', 'INVOICE PAYMENT', 'SGD 424']",0.5,Debit,16150.86,False,False
341,22/11,"['DEPOSIT', 'DEP 89026850,RAFFLES PL BR2,']",1197.0,Credit,17347.86,False,False
342,22/11,"['DEPOSIT', 'DEP 89026850,RAFFLES PL BR2 ,']",1177.0,Credit,18524.86,False,False
343,22/11,"['SERVICE CHARGE FOR PROCESSING', 'OF IDEAL TRANSACTIONS', 'SCIDEAL']",0.2,Debit,18524.66,False,False
344,22/11,"['GIRO PAYMENT', '22/11/2019 90000 201910 TRENDY', 'EGGS']",2625.6,Debit,15899.06,False,False
345,22/11,"['INTERBANK GIRO', 'SENOKO ENERGY SUPPLY', '1N000891301', '9142009464']",790.97,Debit,15108.09,False,False
346,23/11,"['FAST PAYMENT', 'GFGADONC37 Staple Food Pt', 'API2019112306958764', 'OTHER', 'GPAY NETWORK (S) PTE. LTD.', 'SGD 116.93']",116.93,Credit,15225.02,False,False
347,23/11,"['FAST PAYMENT', '945GAD048616 STAPLE FOOD PT', 'API2019112306960019', 'OTHER', 'GPAY NETWORK (S) PTE. LTD.', 'SGD 165.57']",165.57,Credit,15390.59,False,False
348,23/11,"['FAST PAYMENT', '329GAD409051 STAPLE FOOD PT', 'AP12019112306960341', 'OTHER', 'GPAY NETWORK (S) PTE. LTD.', 'SGD 11.89']",11.89,Credit,15402.48,False,False
349,23/11,"['FAST PAYMENT', '281GAD769098 STAPLE FOOD PT', 'API2019112306962118', 'OTHER', 'GPAY NETWORK (S) PTE. LTD.', 'SGD 257.87']",257.87,Credit,15660.35,False,False
350,23/11,"['FAST PAYMENT', 'GFGADO6P33 Staple Food Pt', 'API2019112306968562', 'OTHER', 'GPAY NETWORK (S) PTE. LTD.', 'SGD 125.94']",125.94,Credit,15786.29,False,False
351,23/11,"['FAST PAYMENT', 'GFGADOOR36 Staple Food Pt', 'API20191 12306968853', 'OTHER', 'GPAY NETWORK (8) PTE. LTD.', 'SGD 19.48']",19.48,Credit,15805.77,False,False
352,23/11,"['FAST PAYMENT', 'GFGADOCL04 STAPLE FOOD PT', 'API2019112306970726', 'OTHER', 'GPAY NETWORK (S) PTE. LTD.', 'SGD 401.06']",401.06,Credit,16206.83,False,False
353,23/11,"['SERVICE CHARGE FOR PROCESSING', 'OF IDEAL TRANSACTIONS', 'SCIDEAL']",0.2,Debit,16206.63,False,False
354,23/11,"['DEPOSIT', 'DEP 89026850,PAYA LEBAR BR2 ,']",1046.0,Credit,17252.63,False,False
355,23/11,"['DEPOSIT', 'DEP 89026850,PAYA LEBAR BR2,']",227.0,Credit,17479.63,False,False
356,24/11,"['REMITTANCE TRANSFER OF FUNDS', 'RTF OTH fireplace 0016RF7645533', 'MSY', 'SGD 330']",330.0,Debit,17149.63,False,False
357,24/11,"['FAST PAYMENT', 'GFGADOOR36 Staple Food Pt', 'API2019112406989686', 'OTHER', 'GPAY NETWORK (S) PTE. LTD.', 'SGD 48.67']",48.67,Credit,17198.3,False,False
358,24/11,"['FAST PAYMENT', 'GFGADO6P33 Staple Food Pt', 'API20191 12406991158', 'OTHER', 'GPAY NETWORK (S) PTE. LTD.', 'SGD 120.88']",120.88,Credit,17319.18,False,False
359,24/11,"['FAST PAYMENT', 'GFGADOCL04 STAPLE FOOD PT', 'API2019112406995096', 'OTHER', 'GPAY NETWORK (S) PTE. LTD.', 'SGD 294.08']",294.08,Credit,17613.26,False,False
360,24/11,"['FAST PAYMENT', 'GFGADONC37 Staple Food Pt', 'API2019112406996041', 'OTHER', 'GPAY NETWORK (S) PTE. LTD.', 'SGD 194.64']",194.64,Credit,17807.9,False,False
361,24/11,"['FAST PAYMENT', '281GAD769098 STAPLE FOOD PT', 'API2019112407001254', 'OTHER', 'GPAY NETWORK (S) PTE. LTD.', 'SGD 162.4']",162.4,Credit,17970.3,False,False
362,24/11,"['FAST PAYMENT', '329GAD409051 STAPLE FOOD PT', 'API2019112407002394', 'OTHER', 'GPAY NETWORK (S) PTE. LTD.', 'SGD 19.73']",19.73,Credit,17990.03,False,False
363,25/11,"['FAST PAYMENT', '281GAD769098 STAPLE FOOD PT', 'API2019112507026458', 'OTHER', 'GPAY NETWORK (S) PTE. LTD.', 'SGD 154.86']",154.86,Credit,18144.89,False,False
364,25/11,"['FAST PAYMENT', 'GFGADOCL04 STAPLE FOOD PT', 'API20191 12507027378', 'OTHER', 'GPAY NETWORK (S) PTE. LTD.', 'SGD 486.95']",486.95,Credit,18631.84,False,False
365,25/11,"['FAST PAYMENT', 'GFGADONC37 Staple Food Pt', 'AP12019112507028584', 'OTHER', 'GPAY NETWORK (S) PTE. LTD.', 'SGD 126.48']",126.48,Credit,18758.32,False,False
366,25/11,"['FAST PAYMENT', 'GFGADO6P33 Staple Food Pt', 'API2019112507031813', 'OTHER', 'GPAY NETWORK (S) PTE. LTD.', 'SGD 127.38']",127.38,Credit,18885.7,False,False
367,25/11,"['POINT-OF-SALE TRANSACTION', 'POS6604 STAPLE FOO']",16.3,Credit,18902.0,False,False
368,25/11,"['POINT-OF-SALE TRANSACTION', 'POS6606 STAPLE FOO']",35.3,Credit,18937.3,False,False
369,25/11,"['POINT-OF-SALE TRANSACTION', 'POS6606 STAPLE FOO']",14.6,Credit,18951.9,False,False
370,25/11,"['INTERBANK GIRO', 'DELIVEROO SINGAPORE PTE. LTD.', 'Delievroo', 'OTHER']",1988.41,Credit,20940.31,False,False
371,25/11,"['INTERBANK GIRO', 'DELIVEROO SINGAPORE PTE. LTD.', 'Delievroo', 'OTHER']",2445.18,Credit,23385.49,False,False
372,25/11,"['GIRO PAYMENT', '25/11/2019 90000 2019 SHENG SHENG', 'DRINKS']",4470.68,Debit,18914.81,False,False
373,25/11,"['GIRO PAYMENT', '25/11/2019 90001 DP OTH STAINLESS', 'STEEL CHEONG']",2660.0,Debit,16254.81,False,False
374,26/11,"['FAST PAYMENT', 'GFGADONC37 Staple Food Pt', 'API2019112607066128', 'OTHER', 'GPAY NETWORK (S) PTE. LTD.', 'SGD 187.08']",187.08,Credit,16441.89,False,False
375,26/11,"['FAST PAYMENT', 'GFGADOOR36 Staple Food Pt', 'API2019112607066687', 'OTHER', 'GPAY NETWORK (S) PTE. LTD.', 'SGD 108.87']",108.87,Credit,16550.76,False,False
376,26/11,"['FAST PAYMENT', 'GFGADOCL04 STAPLE FOOD PT', 'AP12019112607070443', 'OTHER', 'GPAY NETWORK (S) PTE. LTD.', 'SGD 271.59']",271.59,Credit,16822.35,False,False
377,26/11,"['FAST PAYMENT', '329GAD409051 STAPLE FOOD PT', 'AP12019112607071330', 'OTHER', 'GPAY NETWORK (S) PTE. LTD.', 'SGD 48.58']",48.58,Credit,16870.93,False,False
378,26/11,"['FAST PAYMENT', '281GAD769098 STAPLE FOOD PT', 'AP12019112607074223', 'OTHER', 'GPAY NETWORK (S) PTE. LTD.', 'SGD 41.05']",41.05,Credit,16911.98,False,False
379,26/11,"['FAST PAYMENT', '945GAD048616 STAPLE FOOD PT', 'API2019112607075372', 'OTHER', 'GPAY NETWORK (S) PTE. LTD.', 'SGD 213.46']",213.46,Credit,17125.44,False,False
380,26/11,"['FAST PAYMENT', 'GFGADO6P33 Staple Food Pt', 'API2019112607075551', 'OTHER', 'GPAY NETWORK (S) PTE. LTD.', 'SGD 311.87']",311.87,Credit,17437.31,False,False
381,26/11,"['POINT-OF-SALE TRANSACTION', 'POS6604 STAPLE FOO']",8.7,Credit,17446.01,False,False
382,26/11,"['REMITTANCE TRANSFER OF FUNDS', 'RTF courier doc ITOP 0016RF7672842', 'MSY', 'SGD 10']",10.0,Debit,17436.01,False,False
383,26/11,"['REMITTANCE TRANSFER OF FUNDS', 'RTF acra biz file 0016RF7672841', 'MSY', 'SGD 5.5']",5.5,Debit,17430.51,False,False
384,26/11,"['DEPOSIT', 'DEP 89026850,RAFFLES PL BR1,']",997.0,Credit,18427.51,False,False
385,26/11,"['REMITTANCE TRANSFER OF FUNDS', 'RTF 201911 AZMY ADV', '0016RF7678960', 'BRIAN', 'SGD 100']",100.0,Debit,18327.51,False,False
386,26/11,"['REMITTANCE TRANSFER OF FUNDS', 'RTF PLS DRINKS REDMT', '0016RF7679133', 'MSY', 'SGD 40.04']",40.04,Debit,18287.47,False,False
387,26/11,"['REMITTANCE TRANSFER OF FUNDS', 'RTF printer inkoow 0016RF7679134', 'MSY', 'SGD 63']",63.0,Debit,18224.47,False,False
388,26/11,"['REMITTANCE TRANSFER OF FUNDS', 'RTF NPC DRINKS REDMT', '0016RF7679251', 'MSY', 'SGD 40.59']",40.59,Debit,18183.88,False,False
389,26/11,"['SERVICE CHARGE FOR PROCESSING', 'OF IDEAL TRANSACTIONS', 'SCIDEAL']",0.4,Debit,18183.48,False,False
390,26/11,"['FAST PAYMENT', 'GADOGRILLCOMPASSVALELINK', 'ROS0000000000000504881000000583', 'OTHER', 'GRABCAR PTE. LTD.', 'SGD 22.74']",22.74,Credit,18206.22,False,False
391,26/11,"['FAST PAYMENT', 'GADONGRILLNORTHPOINTCITY', 'ROS0000000000000504881000001458', 'OTHER', 'GRABCAR PTE. LTD.', 'SGD 6.4']",6.4,Credit,18212.62,False,False
392,26/11,"['INTERBANK GIRO', 'BRYNG.ME PTE. LTD.', 'SGGP191125013516', 'INVOICE PAYMENT']",2939.2,Credit,21151.82,False,False
393,26/11,"['GIRO PAYMENT', '26/11/2019 90000 201910 TAUKWA']",1903.19,Debit,19248.63,False,False
394,26/11,"['GIRO PAYMENT', '26/11/2019 90001 2029 ANNUAL', 'RETURNS']",1660.0,Debit,17588.63,False,False
395,26/11,"['GIRO', 'SP SERVICES LIMITED GIRO', 'COLLECTION', '8935302276']",77.26,Debit,17511.37,False,False
396,27/11,"['FAST PAYMENT', 'GFGADOCL04 STAPLE FOOD PT', 'API2019112707102461', 'OTHER', 'GPAY NETWORK (S) PTE. LTD.', 'SGD 447.1']",447.1,Credit,17958.47,False,False
397,27/11,"['FAST PAYMENT', '945GAD048616 STAPLE FOOD PT', 'API2019112707103418', 'OTHER', 'GPAY NETWORK (S) PTE. LTD.', 'SGD 205.42']",205.42,Credit,18163.89,False,False
398,27/11,"['FAST PAYMENT', 'GFGADONC37 Staple Food Pt', 'API2019112707106141', 'OTHER', 'GPAY NETWORK (S) PTE. LTD.', 'SGD 88.92']",88.92,Credit,18252.81,False,False
399,27/11,"['FAST PAYMENT', 'GFGADOOR36 Staple Food Pt', 'API2019112707106535', 'OTHER', 'GPAY NETWORK (S) PTE. LTD.', 'SGD 59.37']",59.37,Credit,18312.18,False,False
400,27/11,"['FAST PAYMENT', '281GAD769098 STAPLE FOOD PT', 'API2019112707109139', 'OTHER', 'GPAY NETWORK (S) PTE. LTD.', 'SGD 85.86']",85.86,Credit,18398.04,False,False
401,27/11,"['POINT-OF-SALE TRANSACTION', 'POS6604 STAPLE FOO']",15.7,Credit,18413.74,False,False
402,27/11,"['POINT-OF-SALE TRANSACTION', 'POS6605 STAPLE FOO']",7.0,Credit,18420.74,False,False
403,27/11,"['FAST PAYMENT', '329GAD409051 STAPLE FOOD PT', 'API2019112707110015', 'OTHER', 'GPAY NETWORK (S) PTE. LTD.', 'SGD 26.38']",26.38,Credit,18447.12,False,False
404,27/11,"['FAST PAYMENT', 'GFGADO6P33 Staple Food Pt', 'AP12019112707110460', 'OTHER', 'GPAY NETWORK (S) PTE. LTD.', 'SGD 160.73']",160.73,Credit,18607.85,False,False
405,27/11,"['FAST PAYMENT', '201910 SKP STAPLE FOOD', 'EBGPP91121513433', 'UOB:1043168288:IDEAL', 'INVOICE PAYMENT', 'SGD 1198.52']",1198.52,Debit,17409.33,False,False
406,27/11,"['SERVICE CHARGE FOR FAST', 'PAYMENT', '201910 SKP STAPLE FOOD', 'EBGPP91121513433', '1043168288:IDEAL', 'INVOICE PAYMENT', 'SGD 1198.52']",0.5,Debit,17408.83,False,False
407,27/11,"['REMITTANCE TRANSFER OF FUNDS', 'RTF inv7022 OTH LEW', '0016RF7692703', 'AC CHONG ASSOCIATES', 'SGD 550']",550.0,Debit,16858.83,False,False
408,27/11,"['SERVICE CHARGE FOR PROCESSING', 'OF IDEAL TRANSACTIONS', 'SCIDEAL']",0.4,Debit,16858.43,False,False
409,27/11,['CASH TRANSACTION'],1054.1,Credit,17912.53,False,False
410,27/11,['CASH TRANSACTION'],2.3,Credit,17914.83,False,False
411,27/11,"['INTERBANK GIRO', ""DELIVERY HERO (S'PORE) PTE. LTD"", 'X4HQ Pay Adv Doc 606000008582', 'OTHER']",6894.29,Credit,24809.12,False,False
412,27/11,"['INTERBANK GIRO', ""DELIVERY HERO (S'PORE) PTE. LTD"", 'S4TQ Pay Adv Doc 606000008613', 'OTHER']",2712.81,Credit,27521.93,False,False
413,27/11,"['INTERBANK GIRO', ""DELIVERY HERO (S'PORE) PTE. LTD"", 'V4VI Pay Adv Doc 606000008614', 'OTHER']",4671.53,Credit,32193.46,False,False
414,27/11,"['INTERBANK GIRO', ""DELIVERY HERO (S'PORE) PTE. LTD"", 'V8KD Pay Adv Doc 606000007514', 'OTHER']",3379.86,Credit,35573.32,False,False
415,27/11,"['INTERBANK GIRO', ""DELIVERY HERO (S'PORE) PTE. LTD"", 'W2AE Pay Adv Doc 606000006920', 'OTHER']",8844.66,Credit,44417.98,False,False
416,27/11,"['INTERBANK GIRO.', 'TUASPOWERSUPPLY 006000783316', '3130006901']",1275.12,Debit,43142.86,False,False
417,28/11,"['FAST PAYMENT', '281GAD769098 STAPLE FOOD PT', 'API2019112807133949', 'OTHER', 'GPAY NETWORK (S) PTE. LTD.', 'SGD 59.79']",59.79,Credit,43202.65,False,False
418,28/11,"['FAST PAYMENT', 'GFGADONC37 Staple Food Pt', 'API2019112807135539', 'OTHER', 'GPAY NETWORK (S) PTE. LTD.', 'SGD 97.01']",97.01,Credit,43299.66,False,False
419,28/11,"['FAST PAYMENT', '945GAD048616 STAPLE FOOD PT', 'API2019112807137083', 'OTHER', 'GPAY NETWORK (S) PTE. LTD.', 'SGD 168.74']",168.74,Credit,43468.4,False,False
420,28/11,"['FAST PAYMENT', '329GAD409051 STAPLE FOOD PT', 'AP120191 12807137187', 'OTHER', 'GPAY NETWORK (8) PTE. LTD.', 'SGD 44.51']",44.51,Credit,43512.91,False,False
421,28/11,"['FAST PAYMENT', 'GFGADOCLO04 STAPLE FOOD PT', 'AP12019112807139711', 'OTHER', 'GPAY NETWORK (S) PTE. LTD.', 'SGD 404.9']",404.9,Credit,43917.81,False,False
422,28/11,"['FAST PAYMENT', 'GFGADO6P33 Staple Food Pt', 'API20191 12807142836', 'OTHER', 'GPAY NETWORK (S) PTE. LTD.', 'SGD 119.6']",119.6,Credit,44037.41,False,False
423,28/11,"['FAST PAYMENT', 'GFGADOOR36 Staple Food Pt', 'APi2019112807143354', 'OTHER', 'GPAY NETWORK (S) PTE. LTD.', 'SGD 86.44']",86.44,Credit,44123.85,False,False
424,28/11,"['POINT-OF-SALE TRANSACTION', 'POS6604 STAPLE FOO']",15.2,Credit,44139.05,False,False
425,28/11,"['POINT-OF-SALE TRANSACTION', 'POS6605 STAPLE FOO']",7.3,Credit,44146.35,False,False
426,28/11,"['REMITTANCE TRANSFER OF FUNDS', 'RTF PLS FIX CHILLER', '0016RF7716965', 'TONG FONG REFRIGERATION', 'SERVICES', 'SGD 160']",160.0,Debit,43986.35,False,False
427,28/11,"['DEPOSIT', 'DEP 10541531,RAFFLES PL BR2']",1262.0,Credit,45248.35,False,False
428,28/11,"['REMITTANCE TRANSFER OF FUNDS', 'RTF PLS PETTY CASH', '0016RF7719412', 'LINDA SUSANTI', 'SGD 39']",39.0,Debit,45209.35,False,False
429,28/11,"['REMITTANCE TRANSFER OF FUNDS', 'RTF PLS light bulb 0016RF77 19932', 'MSY', 'SGD 11']",11.0,Debit,45198.35,False,False
430,28/11,"['FAST PAYMENT', 'INTERNAL TRSF SG3P191128625320', 'OTHER', 'STAPLE FOOD PTE. LTD.', 'SGD 10000']",10000.0,Credit,55198.35,False,False
431,28/11,"['REMITTANCE TRANSFER OF FUNDS', 'Re 201912 HQ RENT 0016RF7731236', 'SGD 588.5']",588.5,Debit,54609.85,False,False
432,28/11,"['REMITTANCE TRANSFER OF FUNDS', 'RTF NPC SFA LICENCE', '0016RF7731246', 'MSY', 'SGD 195']",195.0,Debit,54414.85,False,False
433,28/11,"['GIRO PAYMENT', '28/11/2019 90000 201910 VEGETABLE']",4755.55,Debit,49659.3,False,False
434,28/11,"['GIRO PAYMENT', '28/11/2019 90001 OCT 2019 VEGGY']",4755.55,Debit,44903.75,False,False
435,29/11,"['FAST PAYMENT', 'GFGADOCL04 STAPLE FOOD PT', 'API2019112907174101', 'OTHER', 'GPAY NETWORK (S) PTE. LTD.', 'SGD 560.81']",560.81,Credit,45464.56,False,False
436,29/11,"['FAST PAYMENT', '281GAD769098 STAPLE FOOD PT', 'API2019112907175185', 'OTHER', 'GPAY NETWORK (S) PTE. LTD.', 'SGD 124.62']",124.62,Credit,45589.18,False,False
437,29/11,"['FAST PAYMENT', 'GFGADO6P33 Staple Food Pt', 'API2019112907175716', 'OTHER', 'GPAY NETWORK (S) PTE. LTD.', 'SGD 141.77']",141.77,Credit,45730.95,False,False
438,29/11,"['FAST PAYMENT', '329GAD409051 STAPLE FOOD PT', 'API2019112907177964', 'OTHER', 'GPAY NETWORK (S) PTE. LTD.', 'SGD 8.23']",8.23,Credit,45739.18,False,False
439,29/11,"['FAST PAYMENT', '945GAD048616 STAPLE FOOD PT', 'API2019112907178006', 'OTHER', 'GPAY NETWORK (S) PTE. LTD.', 'SGD 188.97']",188.97,Credit,45928.15,False,False
440,29/11,"['FAST PAYMENT', 'GFGADONC37 Staple Food Pt', 'API2019112907179122', 'OTHER', 'GPAY NETWORK (S) PTE. LTD.', 'SGD 163.37']",163.37,Credit,46091.52,False,False
441,29/11,"['FAST PAYMENT', 'GFGADOOR386 Staple Food Pt', 'API2019112907180259', 'OTHER', 'GPAY NETWORK (S) PTE. LTD.', 'SGD 45.93']",45.93,Credit,46137.45,False,False
442,29/11,"['POINT-OF-SALE TRANSACTION', 'POS6604 STAPLE FOO']",14.3,Credit,46151.75,False,False
443,29/11,"['POINT-OF-SALE TRANSACTION', 'POS6606 STAPLE FOO']",14.3,Credit,46166.05,False,False
444,29/11,"['REMITTANCE TRANSFER OF FUNDS.', 'RTF 201910 HUA KUN 0016RF7719697', 'HUA KUN FOOD INDUSTRY', 'SGD 24263.93']",24263.93,Debit,21902.12,False,False
445,29/11,['CASH TRANSACTION'],1237.4,Credit,23139.52,False,False
446,29/11,"['SERVICE CHARGE FOR PROCESSING', 'OF IDEAL TRANSACTIONS', 'SCIDEAL']",0.4,Debit,23139.12,False,False
447,29/11,"['FAST PAYMENT', 'RTN AGH VEG DUPL', '$G3P191129634640', 'BUSINESS EXPENSES', 'AW GUAN HONG VEGETABLE', 'WHOLESALER', 'SGD 4755.55']",4755.55,Credit,27894.67,False,False
448,30/11,"['FAST PAYMENT', '281GAD769098 STAPLE FOOD PT', 'API2019113007206177', 'OTHER', 'GPAY NETWORK (S) PTE. LTD.', 'SGD 55.62']",55.62,Credit,27950.29,False,False
449,30/11,"['FAST PAYMENT', 'GFGADOCL04 STAPLE FOOD PT', 'API2019113007214834', 'OTHER', 'GPAY NETWORK (S) PTE. LTD.', 'SGD 201.81']",201.81,Credit,28152.1,False,False
450,30/11,"['FAST PAYMENT', '329GAD409051 STAPLE FOOD PT', 'API20191 13007214879', 'OTHER', 'GPAY NETWORK (S) PTE. LTD.', 'SGD 66.13']",66.13,Credit,28218.23,False,False
451,30/11,"['FAST PAYMENT', '945GAD048616 STAPLE FOOD PT', 'API20191 13007215116', 'OTHER', 'GPAY NETWORK (S) PTE. LTD.', 'SGD 321.53']",321.53,Credit,28539.76,False,False
452,30/11,"['FAST PAYMENT', 'GFGADONC37 Staple Food Pt', 'API2019113007215274', 'OTHER', 'GPAY NETWORK (S) PTE. LTD.', 'SGD 81.53']",81.53,Credit,28621.29,False,False
453,30/11,"['FAST PAYMENT', 'GFGADOOR36 Staple Food Pt', 'API2019113007216236', 'OTHER', 'GPAY NETWORK (S) PTE. LTD.', 'SGD 57.02']",57.02,Credit,28678.31,False,False
454,30/11,"['FAST PAYMENT', 'GFGADO6P33 Staple Food Pt', 'AP12019113007218061', 'OTHER', 'GPAY NETWORK (S) PTE. LTD.', 'SGD 90.53']",90.53,Credit,28768.84,False,False
455,30/11,"['FAST PAYMENT', 'PURCHASES', 'EBGPP91130563333000000C1 1001350', '0953 U:201837531D', 'OTHER', 'SGD 3000']",3000.0,Debit,25768.84,False,False
456,30/11,"['SERVICE CHARGE FOR PAYNOW', 'PAYMENTS', 'PURCHASES', 'EBGPP91130563333000000C1 1001350', '0953 U:201837531D:IDEAL', 'OTHER', 'SGD 3000']",0.5,Debit,25768.34,False,False
457,30/11,"['REMITTANCE TRANSFER OF FUNDS', 'RTF 201911 dharma 0016RF7758905', 'DHARMA YASA JAYANTO', 'SGD 1998.5']",1998.5,Debit,23769.84,False,False
458,30/11,"['REMITTANCE TRANSFER OF FUNDS', 'RTF DEPOSIT 0016RF7760712', 'SHAHIDUL', 'SGD 1000']",1000.0,Debit,22769.84,False,False
459,,['Total Debit Amount'],,,167860.81,False,False
460,,['Total Credit Amount'],,,443524.3,False,False
461,,['301 Total Credit Amount :'],3.01,,443524.3,False,False
